<?xml version='1.0' encoding='UTF-8'?>
<collection xmlns="http://www.loc.gov/MARC21/slim">
  <record>
    <datafield tag="100" ind1="0" ind2=" ">
      <subfield code="a">110908.</subfield>
    </datafield>
  </record>