
  <record>
    <datafield tag="100" ind1="0" ind2=" ">
      <subfield code="a">Abraham a Sancta Clara,</subfield>
      <subfield code="d">1644-1709.</subfield>
    </datafield>
  </record>