
  <record>
    <datafield tag="100" ind1="0" ind2=" ">
      <subfield code="a">Author of The diary of a physician,</subfield>
      <subfield code="d">1807-1877.</subfield>
    </datafield>
  </record>