
  <record>
    <datafield tag="100" ind1="0" ind2=" ">
      <subfield code="a">Black Foot,</subfield>
      <subfield code="c">Chief,</subfield>
      <subfield code="d">d. 1877</subfield>
      <subfield code="c">(Spirit)</subfield>
    </datafield>
  </record>