
  <record>
    <datafield tag="100" ind1="0" ind2=" ">
      <subfield code="a">Cassiodorus,</subfield>
      <subfield code="c">Senator,</subfield>
      <subfield code="d">ca. 487-ca. 580.</subfield>
    </datafield>
  </record>