
  <record>
    <datafield tag="100" ind1="0" ind2=" ">
      <subfield code="a">Claude,</subfield>
      <subfield code="c">d'Abbeville, pere,</subfield>
      <subfield code="d">d. 1632.</subfield>
    </datafield>
  </record>