
  <record>
    <datafield tag="100" ind1="0" ind2=" ">
      <subfield code="a">Dr. X.</subfield>
    </datafield>
  </record>