
  <record>
    <datafield tag="100" ind1="0" ind2=" ">
      <subfield code="a">E.S.,</subfield>
      <subfield code="c">Meister,</subfield>
      <subfield code="d">15th cent.,</subfield>
      <subfield code="j">Follower of</subfield>
    </datafield>
  </record>