
  <record>
    <datafield tag="100" ind1="0" ind2=" ">
      <subfield code="a">H. D.</subfield>
      <subfield code="q">(Hilda Doolittle),</subfield>
      <subfield code="d">1886-1961.</subfield>
    </datafield>
  </record>