
  <record>
    <datafield tag="100" ind1="0" ind2=" ">
      <subfield code="a">John Paul</subfield>
      <subfield code="b">II,</subfield>
      <subfield code="c">Pope,</subfield>
      <subfield code="d">1920-</subfield>
    </datafield>
  </record>