
  <record>
    <datafield tag="100" ind1="0" ind2=" ">
      <subfield code="a">John</subfield>
      <subfield code="b">II Comnenus,</subfield>
      <subfield code="c">Emperor of the East,</subfield>
      <subfield code="d">1088-1143.</subfield>
    </datafield>
  </record>