
  <record>
    <datafield tag="100" ind1="0" ind2=" ">
      <subfield code="a">John,</subfield>
      <subfield code="c">the Baptist, Saint.</subfield>
    </datafield>
  </record>