
  <record>
    <datafield tag="100" ind1="0" ind2=" ">
      <subfield code="a">Thomas,</subfield>
      <subfield code="c">Aquinas, Saint,</subfield>
      <subfield code="d">1225?-1274.</subfield>
    </datafield>
  </record>