
  <record>
    <datafield tag="100" ind1="1" ind2=" ">
      <subfield code="a">Adams, Henry,</subfield>
      <subfield code="d">1838-1918.</subfield>
    </datafield>
  </record>