
  <record>
    <datafield tag="100" ind1="1" ind2=" ">
      <subfield code="a">Bach, Johann Sebastian,</subfield>
      <subfield code="d">1685-1750.</subfield>
    </datafield>
  </record>