
  <record>
    <datafield tag="100" ind1="1" ind2=" ">
      <subfield code="a">Bach, Johann Sebastian.</subfield>
      <subfield code="4">aut</subfield>
      <subfield code="0">(DE-101c)310008891</subfield>
    </datafield>
  </record>