
  <record>
    <datafield tag="100" ind1="1" ind2=" ">
      <subfield code="a">Beethoven, Ludwig van,</subfield>
      <subfield code="d">1770-1827.</subfield>
    </datafield>
  </record>