
  <record>
    <datafield tag="100" ind1="1" ind2=" ">
      <subfield code="a">Beeton,</subfield>
      <subfield code="c">Mrs.</subfield>
      <subfield code="q">(Isabella Mary),</subfield>
      <subfield code="d">1836-1865.</subfield>
    </datafield>
  </record>