
  <record>
    <datafield tag="100" ind1="1" ind2=" ">
      <subfield code="a">Blackbeard, Author of,</subfield>
      <subfield code="d">1777-1852.</subfield>
    </datafield>
  </record>