
  <record>
    <datafield tag="100" ind1="1" ind2=" ">
      <subfield code="a">Brown, B. F.</subfield>
      <subfield code="u">Chemistry Dept., American University.</subfield>
    </datafield>
  </record>