
  <record>
    <datafield tag="100" ind1="1" ind2=" ">
      <subfield code="a">Bullett, Gerald William,</subfield>
      <subfield code="d">1894-1958.</subfield>
    </datafield>
  </record>