
  <record>
    <datafield tag="100" ind1="1" ind2=" ">
      <subfield code="a">Chekhov, Anton Pavlovich,</subfield>
      <subfield code="d">1860-1904.</subfield>
    </datafield>
  </record>