
  <record>
    <datafield tag="100" ind1="1" ind2=" ">
      <subfield code="a">Chiang, Kai-shek,</subfield>
      <subfield code="d">1887-1975.</subfield>
    </datafield>
  </record>