
  <record>
    <datafield tag="100" ind1="1" ind2=" ">
      <subfield code="a">Churchill, Winston,</subfield>
      <subfield code="c">Sir,</subfield>
      <subfield code="d">1874-1965.</subfield>
    </datafield>
  </record>