
  <record>
    <datafield tag="100" ind1="1" ind2=" ">
      <subfield code="a">Colton, George Woolworth,</subfield>
      <subfield code="d">1827-1901.</subfield>
    </datafield>
  </record>