
  <record>
    <datafield tag="100" ind1="1" ind2=" ">
      <subfield code="a">Debussy, Claude,</subfield>
      <subfield code="d">1862-1918.</subfield>
    </datafield>
  </record>