
  <record>
    <datafield tag="100" ind1="1" ind2=" ">
      <subfield code="a">El-Abiad, Ahmed H.,</subfield>
      <subfield code="d">1926-</subfield>
    </datafield>
  </record>