
  <record>
    <datafield tag="100" ind1="1" ind2=" ">
      <subfield code="a">Faulkes, William</subfield>
      <subfield code="4">aut</subfield>
      <subfield code="0">(DE-101c)311140009</subfield>
    </datafield>
  </record>