
  <record>
    <datafield tag="100" ind1="1" ind2=" ">
      <subfield code="a">Fitzgerald, David.</subfield>
    </datafield>
  </record>