
  <record>
    <datafield tag="100" ind1="1" ind2=" ">
      <subfield code="a">Fitzgerald-Jones, Sandra,</subfield>
      <subfield code="d">1938-</subfield>
      <subfield code="e">interviewer.</subfield>
    </datafield>
  </record>