
  <record>
    <datafield tag="100" ind1="1" ind2=" ">
      <subfield code="a">Fowler, T. M.</subfield>
      <subfield code="q">(Thaddeus Mortimer),</subfield>
      <subfield code="d">1842-1922.</subfield>
    </datafield>
  </record>