
  <record>
    <datafield tag="100" ind1="1" ind2=" ">
      <subfield code="a">Gibbon, Edward,</subfield>
      <subfield code="d">1737-1794.</subfield>
    </datafield>
  </record>