
  <record>
    <datafield tag="100" ind1="1" ind2=" ">
      <subfield code="a">Godowsky, Leopold,</subfield>
      <subfield code="d">1870-1938.</subfield>
    </datafield>
  </record>