
  <record>
    <datafield tag="100" ind1="1" ind2=" ">
      <subfield code="a">Gresham, G. A.</subfield>
      <subfield code="q">(Geoffrey Austin)</subfield>
    </datafield>
  </record>