
  <record>
    <datafield tag="100" ind1="1" ind2=" ">
      <subfield code="a">Gyrowetz, Adalbert,</subfield>
      <subfield code="d">1763-1850.</subfield>
      <subfield code="t">Serenades,</subfield>
      <subfield code="n">op. 3 (André)</subfield>
    </datafield>
  </record>