
  <record>
    <datafield tag="100" ind1="1" ind2=" ">
      <subfield code="a">Joannes Aegidius, Zamorensis,</subfield>
      <subfield code="d">1240 or 41-ca. 1316.</subfield>
    </datafield>
  </record>