
  <record>
    <datafield tag="100" ind1="1" ind2=" ">
      <subfield code="a">Le Conte, John Eatton,</subfield>
      <subfield code="d">1784-1860.</subfield>
    </datafield>
  </record>