
  <record>
    <datafield tag="100" ind1="1" ind2=" ">
      <subfield code="a">Levi, James,</subfield>
      <subfield code="d">fl. 1706-1739.</subfield>
    </datafield>
  </record>