
  <record>
    <datafield tag="100" ind1="1" ind2=" ">
      <subfield code="a">Lowry, Lois.</subfield>
    </datafield>
  </record>