
  <record>
    <datafield tag="100" ind1="1" ind2=" ">
      <subfield code="a">Morgan, John Pierpont,</subfield>
      <subfield code="d">1837-1913,</subfield>
      <subfield code="e">collector.</subfield>
    </datafield>
  </record>