
  <record>
    <datafield tag="100" ind1="1" ind2=" ">
      <subfield code="a">Mozart, Wolfgang Amadeus,</subfield>
      <subfield code="d">1756-1791.</subfield>
    </datafield>
  </record>