
  <record>
    <datafield tag="100" ind1="1" ind2=" ">
      <subfield code="a">Porta, Giambattista della,</subfield>
      <subfield code="d">1535?-1615.</subfield>
    </datafield>
  </record>