
  <record>
    <datafield tag="100" ind1="1" ind2=" ">
      <subfield code="a">Reynolds, Joshua,</subfield>
      <subfield code="c">Sir,</subfield>
      <subfield code="d">1723-1792,</subfield>
      <subfield code="j">Pupil of</subfield>
    </datafield>
  </record>