
  <record>
    <datafield tag="100" ind1="1" ind2=" ">
      <subfield code="a">Riaño, Juan Facundo,</subfield>
      <subfield code="d">1828-1901.</subfield>
    </datafield>
  </record>