
  <record>
    <datafield tag="100" ind1="1" ind2=" ">
      <subfield code="a">Seuss,</subfield>
      <subfield code="c">Dr.</subfield>
    </datafield>
  </record>