
  <record>
    <datafield tag="100" ind1="1" ind2=" ">
      <subfield code="a">Shakespeare, William,</subfield>
      <subfield code="d">1564-1616.</subfield>
    </datafield>
  </record>