
  <record>
    <datafield tag="100" ind1="1" ind2=" ">
      <subfield code="a">Smith, Elizabeth</subfield>
      <subfield code="q">(Ann Elizabeth)</subfield>
    </datafield>
  </record>