
  <record>
    <datafield tag="100" ind1="1" ind2=" ">
      <subfield code="a">Strauss, Johann,</subfield>
      <subfield code="d">1804-1849.</subfield>
    </datafield>
  </record>