
  <record>
    <datafield tag="100" ind1="1" ind2=" ">
      <subfield code="a">Stravinsky, Igor,</subfield>
      <subfield code="d">1882-1971.</subfield>
    </datafield>
  </record>