
  <record>
    <datafield tag="100" ind1="1" ind2=" ">
      <subfield code="a">Strong, Anna Louise,</subfield>
      <subfield code="d">1885-1970.</subfield>
    </datafield>
  </record>