
  <record>
    <datafield tag="100" ind1="1" ind2=" ">
      <subfield code="a">Touré, Ahmed Sékou,</subfield>
      <subfield code="d">1922-</subfield>
    </datafield>
  </record>