
  <record>
    <datafield tag="100" ind1="1" ind2=" ">
      <subfield code="a">Vivaldi, Antonio,</subfield>
      <subfield code="d">1678-1741.</subfield>
      <subfield code="t">Cimento dell'armonia e dell'inventione.</subfield>
      <subfield code="n">N. 1-4</subfield>
    </datafield>
  </record>