
  <record>
    <datafield tag="100" ind1="1" ind2=" ">
      <subfield code="a">Vérez-Peraza, Elena,</subfield>
      <subfield code="d">1919-</subfield>
    </datafield>
  </record>