
  <record>
    <datafield tag="100" ind1="1" ind2=" ">
      <subfield code="a">Walle-Lissnijder,</subfield>
      <subfield code="c">vande.</subfield>
    </datafield>
  </record>