
  <record>
    <datafield tag="100" ind1="1" ind2=" ">
      <subfield code="a">Ward, Humphrey,</subfield>
      <subfield code="c">Mrs.,</subfield>
      <subfield code="d">1851-1920.</subfield>
    </datafield>
  </record>