
  <record>
    <datafield tag="100" ind1="1" ind2=" ">
      <subfield code="a">Watson,</subfield>
      <subfield code="c">Rev.</subfield>
    </datafield>
  </record>