
  <record>
    <datafield tag="100" ind1="1" ind2=" ">
      <subfield code="a">Wilder, Thornton,</subfield>
      <subfield code="d">1897-1975.</subfield>
    </datafield>
  </record>