
  <record>
    <datafield tag="100" ind1="1" ind2=" ">
      <subfield code="a">`Atthawimonbandit (To),</subfield>
      <subfield code="c">Phra,</subfield>
      <subfield code="d">1883-1973.</subfield>
    </datafield>
  </record>