
  <record>
    <datafield tag="100" ind1="1" ind2=" ">
      <subfield code="a">Gershkoff, Ira.</subfield>
    </datafield>
  </record>