
  <record>
    <datafield tag="100" ind1=" " ind2=" ">
      <subfield code="a">Krishna Moorthy, K.</subfield>
      <subfield code="q">(Krishma),</subfield>
      <subfield code="d">1927-</subfield>
    </datafield>
  </record>