
  <record>
    <datafield tag="100" ind1="3" ind2=" ">
      <subfield code="a">Farquhar family.</subfield>
    </datafield>
  </record>