
  <record>
    <datafield tag="110" ind1="2" ind2=" ">
      <subfield code="a">British Columbia Provincial Museum.</subfield>
    </datafield>
  </record>