
  <record>
    <datafield tag="110" ind1="2" ind2=" ">
      <subfield code="a">Nordrhein-Westfalen</subfield>
      <subfield code="b">Landtag</subfield>
      <subfield code="0">(DE-101b)2029522-4</subfield>
    </datafield>
  </record>