
  <record>
    <datafield tag="110" ind1="0" ind2=" ">
      <subfield code="a">Newman (Jean and Dorothy) Industrial Relations Library.</subfield>
    </datafield>
  </record>