
  <record>
    <datafield tag="110" ind1="1" ind2=" ">
      <subfield code="a">British Virgin Islands.</subfield>
    </datafield>
  </record>