
  <record>
    <datafield tag="110" ind1="1" ind2=" ">
      <subfield code="a">Germany.</subfield>
      <subfield code="b">Nationalversammlung (1919-1920)</subfield>
    </datafield>
  </record>