
  <record>
    <datafield tag="110" ind1="1" ind2=" ">
      <subfield code="a">Jalisco (Mexico).</subfield>
    </datafield>
  </record>