
  <record>
    <datafield tag="110" ind1="1" ind2=" ">
      <subfield code="a">Jalisco (Mexico).</subfield>
      <subfield code="t">Ley que aprueba el plan regional urbano de Guadalajara, 1979-1983.</subfield>
    </datafield>
  </record>