
  <record>
    <datafield tag="110" ind1="1" ind2=" ">
      <subfield code="a">Minnesota.</subfield>
      <subfield code="b">Constitutional Convention</subfield>
      <subfield code="d">(1857 :</subfield>
      <subfield code="g">Republican)</subfield>
    </datafield>
  </record>