
  <record>
    <datafield tag="110" ind1="1" ind2=" ">
      <subfield code="a">Paris.</subfield>
      <subfield code="b">Montmartre.</subfield>
    </datafield>
  </record>