
  <record>
    <datafield tag="110" ind1="1" ind2=" ">
      <subfield code="a">Pennsylvania.</subfield>
      <subfield code="b">State Board of Examiners of Nursing Home Administrators.</subfield>
    </datafield>
  </record>