
  <record>
    <datafield tag="110" ind1="1" ind2=" ">
      <subfield code="a">United States.</subfield>
      <subfield code="b">Army Map Service.</subfield>
    </datafield>
  </record>