
  <record>
    <datafield tag="110" ind1="1" ind2=" ">
      <subfield code="a">United States.</subfield>
      <subfield code="b">Congress</subfield>
      <subfield code="n">(97th, 2nd session :</subfield>
      <subfield code="d">1982).</subfield>
      <subfield code="b">House.</subfield>
    </datafield>
  </record>