
  <record>
    <datafield tag="110" ind1="1" ind2=" ">
      <subfield code="a">United States.</subfield>
      <subfield code="b">Court of Appeals (2nd Circuit)</subfield>
    </datafield>
  </record>