
  <record>
    <datafield tag="110" ind1="1" ind2=" ">
      <subfield code="a">United States.</subfield>
      <subfield code="b">National Technical Information Service.</subfield>
      <subfield code="u">5205 Port Royal Road, Springfield, VA 22161.</subfield>
    </datafield>
  </record>