
  <record>
    <datafield tag="110" ind1="1" ind2=" ">
      <subfield code="a">United States.</subfield>
      <subfield code="b">President (1981-1989 : Reagan)</subfield>
    </datafield>
  </record>