
  <record>
    <datafield tag="110" ind1="1" ind2=" ">
      <subfield code="a">Wisconsin.</subfield>
      <subfield code="b">Legislature.</subfield>
      <subfield code="b">Legislative Reference Bureau.</subfield>
    </datafield>
  </record>