
  <record>
    <datafield tag="110" ind1="2" ind2=" ">
      <subfield code="a">Australian National Parks and Wildlife Service.</subfield>
    </datafield>
  </record>