
  <record>
    <datafield tag="110" ind1="2" ind2=" ">
      <subfield code="a">Catholic Church.</subfield>
      <subfield code="b">Concilium Plenarium Americae Latinae</subfield>
    </datafield>
  </record>