
  <record>
    <datafield tag="110" ind1="2" ind2=" ">
      <subfield code="a">Catholic Church.</subfield>
      <subfield code="b">Province of Baltimore (Md.).</subfield>
      <subfield code="b">Provincial Council</subfield>
      <subfield code="n">(10th :</subfield>
      <subfield code="d">1869)</subfield>
    </datafield>
  </record>