
  <record>
    <datafield tag="110" ind1="2" ind2=" ">
      <subfield code="a">Eastman Kodak Company,</subfield>
      <subfield code="e">defendant-appellant.</subfield>
    </datafield>
  </record>