
  <record>
    <datafield tag="110" ind1="2" ind2=" ">
      <subfield code="a">Inter-American Commission on Human Rights.</subfield>
    </datafield>
  </record>