
  <record>
    <datafield tag="110" ind1="2" ind2=" ">
      <subfield code="a">International Labour Organisation.</subfield>
      <subfield code="b">European Regional Conference</subfield>
    </datafield>
  </record>