
  <record>
    <datafield tag="110" ind1="2" ind2=" ">
      <subfield code="a">International Labour Organisation.</subfield>
      <subfield code="b">European Regional Conference</subfield>
      <subfield code="n">(2nd :</subfield>
      <subfield code="d">1968 :</subfield>
      <subfield code="c">Geneva, Switzerland)</subfield>
    </datafield>
  </record>