
  <record>
    <datafield tag="110" ind1="2" ind2=" ">
      <subfield code="a">J.C. Penney Co.</subfield>
    </datafield>
  </record>