
  <record>
    <datafield tag="110" ind1="2" ind2=" ">
      <subfield code="a">J.H. Bufford &amp; Co.</subfield>
      <subfield code="4">pop</subfield>
    </datafield>
  </record>