
  <record>
    <datafield tag="110" ind1="2" ind2=" ">
      <subfield code="a">New York Public Library.</subfield>
    </datafield>
  </record>