
  <record>
    <datafield tag="110" ind1="2" ind2=" ">
      <subfield code="a">New York Public Library.</subfield>
      <subfield code="k">Manuscript</subfield>
      <subfield code="p">Aulendorf Codex.</subfield>
    </datafield>
  </record>