
  <record>
    <datafield tag="110" ind1="2" ind2=" ">
      <subfield code="a">PRONAPADE (Firm)</subfield>
    </datafield>
  </record>