
  <record>
    <datafield tag="110" ind1="2" ind2=" ">
      <subfield code="a">Scientific Society of San Antonio (1904- )</subfield>
    </datafield>
  </record>