
  <record>
    <datafield tag="110" ind1="2" ind2=" ">
      <subfield code="a">Seminar Naturschutz und Landwirtschaft.</subfield>
      <subfield code="0">(DE-101b)200568-2</subfield>
    </datafield>
  </record>