
  <record>
    <datafield tag="110" ind1="2" ind2=" ">
      <subfield code="a">St. James Church (Bronx, New York, N.Y.)</subfield>
    </datafield>
  </record>