
  <record>
    <datafield tag="110" ind1="2" ind2=" ">
      <subfield code="a">United Nations</subfield>
      <subfield code="0">(DE-101b)333-5</subfield>
    </datafield>
  </record>