
  <record>
    <datafield tag="110" ind1="2" ind2=" ">
      <subfield code="a">Watt Committee on Energy.</subfield>
    </datafield>
  </record>