
  <record>
    <datafield tag="111" ind1="1" ind2=" ">
      <subfield code="a">Chicago.</subfield>
      <subfield code="q">Cartography Conference.</subfield>
    </datafield>
  </record>