
  <record>
    <datafield tag="111" ind1="1" ind2=" ">
      <subfield code="a">Paris.</subfield>
      <subfield code="q">Peace Conference,</subfield>
      <subfield code="d">1919.</subfield>
    </datafield>
  </record>