
  <record>
    <datafield tag="111" ind1="2" ind2=" ">
      <subfield code="a">Congress on Machinability</subfield>
      <subfield code="d">(1965 :</subfield>
      <subfield code="c">Royal Commonwealth Society)</subfield>
    </datafield>
  </record>