
  <record>
    <datafield tag="111" ind1="2" ind2=" ">
      <subfield code="a">Esto '84</subfield>
      <subfield code="d">(1984 :</subfield>
      <subfield code="c">Toronto, Ont).</subfield>
      <subfield code="e">Raamatunaituse Komitee.</subfield>
    </datafield>
  </record>