
  <record>
    <datafield tag="111" ind1="2" ind2=" ">
      <subfield code="a">Expo '70</subfield>
      <subfield code="c">(Osaka, Japan)</subfield>
    </datafield>
  </record>