
  <record>
    <datafield tag="111" ind1="2" ind2=" ">
      <subfield code="a">Festival of Britain</subfield>
      <subfield code="d">(1951 :</subfield>
      <subfield code="c">London, England)</subfield>
    </datafield>
  </record>