
  <record>
    <datafield tag="111" ind1="2" ind2=" ">
      <subfield code="a">Governor's Conference on Aging (N.Y.)</subfield>
      <subfield code="d">(1982 :</subfield>
      <subfield code="c">Albany, N.Y.)</subfield>
    </datafield>
  </record>