
  <record>
    <datafield tag="111" ind1="2" ind2=" ">
      <subfield code="a">International Aerospace and Ground Conference on Lightning and Static Electricity</subfield>
      <subfield code="d">(1988 :</subfield>
      <subfield code="c">Oklahoma City, Okla.)</subfield>
    </datafield>
  </record>