
  <record>
    <datafield tag="111" ind1="2" ind2=" ">
      <subfield code="a">International American Conference</subfield>
      <subfield code="n">(8th :</subfield>
      <subfield code="d">1938 :</subfield>
      <subfield code="c">Lima, Peru).</subfield>
      <subfield code="e">Delegation from Mexico.</subfield>
    </datafield>
  </record>