
  <record>
    <datafield tag="111" ind1="2" ind2=" ">
      <subfield code="a">International Colloquium in the Philosophy of Science,</subfield>
      <subfield code="c">Bedford College,</subfield>
      <subfield code="d">1965.</subfield>
    </datafield>
  </record>