
  <record>
    <datafield tag="111" ind1="2" ind2=" ">
      <subfield code="a">International Symposium on Quality Control (1974- )</subfield>
      <subfield code="n">(3rd :</subfield>
      <subfield code="d">1978 :</subfield>
      <subfield code="c">Tokyo, Japan)</subfield>
    </datafield>
  </record>