
  <record>
    <datafield tag="111" ind1="2" ind2=" ">
      <subfield code="a">National Conference on Physical Measurement of the Disabled,</subfield>
      <subfield code="n">2nd,</subfield>
      <subfield code="c">Mayo Clinic,</subfield>
      <subfield code="d">1981,</subfield>
      <subfield code="g">Projected, not held.</subfield>
    </datafield>
  </record>