
  <record>
    <datafield tag="111" ind1="2" ind2=" ">
      <subfield code="a">Oxford University Expedition to Spitsbergen</subfield>
      <subfield code="n">(1st :</subfield>
      <subfield code="d">1921)</subfield>
    </datafield>
  </record>