
  <record>
    <datafield tag="111" ind1="2" ind2=" ">
      <subfield code="a">Paris Peace Conference</subfield>
      <subfield code="d">(1919-1920)</subfield>
    </datafield>
  </record>