
  <record>
    <datafield tag="111" ind1="2" ind2=" ">
      <subfield code="a">Regional Conference on Mental Measurements of the Blind</subfield>
      <subfield code="n">(1st :</subfield>
      <subfield code="d">1951 :</subfield>
      <subfield code="c">Perkins Institution)</subfield>
    </datafield>
  </record>