
  <record>
    <datafield tag="111" ind1="2" ind2=" ">
      <subfield code="a">Symposium Internacional "Manuel Pedroso" In Memoriam</subfield>
      <subfield code="d">(1976 :</subfield>
      <subfield code="c">Guanajuato, Mexico)</subfield>
    </datafield>
  </record>