
  <record>
    <datafield tag="111" ind1="2" ind2=" ">
      <subfield code="a">Symposium on the Underground Disposal of Radioactive Wastes</subfield>
      <subfield code="d">(1979 :</subfield>
      <subfield code="c">Otaniemi, Finland)</subfield>
      <subfield code="4">fnd</subfield>
    </datafield>
  </record>