
  <record>
    <datafield tag="111" ind1="2" ind2=" ">
      <subfield code="a">Vatican Council</subfield>
      <subfield code="n">(1st :</subfield>
      <subfield code="d">1869-1870)</subfield>
    </datafield>
  </record>