
  <record>
    <datafield tag="111" ind1="2" ind2=" ">
      <subfield code="a">White House Conference on Library and Information Services</subfield>
      <subfield code="d">(1979 :</subfield>
      <subfield code="c">Washington, D.C.).</subfield>
      <subfield code="e">Ohio Conference Delegation.</subfield>
    </datafield>
  </record>