
  <record>
    <datafield tag="111" ind1="2" ind2=" ">
      <subfield code="a">World Peace Conference</subfield>
      <subfield code="n">(1st :</subfield>
      <subfield code="d">1949 :</subfield>
      <subfield code="c">Paris, France; </subfield>
      <subfield code="c">Prague, Czechoslovakia)</subfield>
    </datafield>
  </record>