
  <record>
    <datafield tag="130" ind1="0" ind2=" ">
      <subfield code="a">Hospitals (Chicago, Ill. : 1936)</subfield>
    </datafield>
  </record>