
  <record>
    <datafield tag="130" ind1="0" ind2=" ">
      <subfield code="a">Inside education (Albany, N.Y.)</subfield>
    </datafield>
  </record>