
  <record>
    <datafield tag="130" ind1=" " ind2=" ">
      <subfield code="a">Journal of polymer science / B</subfield>
    </datafield>
  </record>