
  <record>
    <datafield tag="130" ind1="0" ind2=" ">
      <subfield code="a">1 + 1 = 3 (Choreographic work : D'Amboise)</subfield>
    </datafield>
  </record>