
  <record>
    <datafield tag="130" ind1="0" ind2=" ">
      <subfield code="a">Annale Universiteit van Stellenbosch.</subfield>
      <subfield code="n">Serie A2,</subfield>
      <subfield code="p">Söologie.</subfield>
    </datafield>
  </record>