
  <record>
    <datafield tag="130" ind1="0" ind2=" ">
      <subfield code="a">Bible.</subfield>
      <subfield code="l">English.</subfield>
      <subfield code="s">Authorized.</subfield>
      <subfield code="f">2004</subfield>
    </datafield>
  </record>