
  <record>
    <datafield tag="130" ind1="0" ind2=" ">
      <subfield code="a">Bible.</subfield>
      <subfield code="p">N.T.</subfield>
      <subfield code="p">Philippians.</subfield>
      <subfield code="l">English.</subfield>
      <subfield code="s">Revised Standard.</subfield>
      <subfield code="f">1980.</subfield>
    </datafield>
  </record>