
  <record>
    <datafield tag="130" ind1="0" ind2=" ">
      <subfield code="a">Bible.</subfield>
      <subfield code="p">N.T.</subfield>
      <subfield code="p">Romans.</subfield>
      <subfield code="l">English.</subfield>
      <subfield code="s">Revised standard.</subfield>
    </datafield>
  </record>