
  <record>
    <datafield tag="130" ind1="0" ind2=" ">
      <subfield code="a">Bible.</subfield>
      <subfield code="p">O.T.</subfield>
      <subfield code="p">Five Scrolls.</subfield>
      <subfield code="l">Hebrew.</subfield>
      <subfield code="s">Biblioteca apostolica vaticana.</subfield>
      <subfield code="k">Manuscript.</subfield>
      <subfield code="n">Urbiniti Hebraicus 1.</subfield>
      <subfield code="f">1980.</subfield>
    </datafield>
  </record>