
  <record>
    <datafield tag="130" ind1="0" ind2=" ">
      <subfield code="a">Cinderella (Choreographic work)</subfield>
    </datafield>
  </record>