
  <record>
    <datafield tag="130" ind1="0" ind2=" ">
      <subfield code="a">Concertos,</subfield>
      <subfield code="m">violin,string orchestra,</subfield>
      <subfield code="r">D major.</subfield>
    </datafield>
  </record>