
  <record>
    <datafield tag="130" ind1="0" ind2=" ">
      <subfield code="a">Convention for the Protection of Human Rights and Fundamental Freedoms</subfield>
      <subfield code="d">(1950).</subfield>
      <subfield code="k">Protocols, etc.,</subfield>
      <subfield code="d">1963 Sept. 16.</subfield>
    </datafield>
  </record>