
  <record>
    <datafield tag="130" ind1="0" ind2=" ">
      <subfield code="a">Cuba economic news.</subfield>
      <subfield code="l">Spanish.</subfield>
    </datafield>
  </record>