
  <record>
    <datafield tag="130" ind1="0" ind2=" ">
      <subfield code="a">Dialogue (Montreal, Quebec : 1962).</subfield>
      <subfield code="l">English.</subfield>
    </datafield>
  </record>