
  <record>
    <datafield tag="130" ind1="0" ind2=" ">
      <subfield code="a">Domestic engineering (1889)</subfield>
    </datafield>
  </record>