
  <record>
    <datafield tag="130" ind1="0" ind2=" ">
      <subfield code="a">Empire State report (1982)</subfield>
    </datafield>
  </record>