
  <record>
    <datafield tag="130" ind1="0" ind2=" ">
      <subfield code="a">Gone with the wind (Motion picture).</subfield>
      <subfield code="h">Sound recording.</subfield>
    </datafield>
  </record>