
  <record>
    <datafield tag="130" ind1="0" ind2=" ">
      <subfield code="a">Harlow (Motion picture : 1965 : Douglas)</subfield>
    </datafield>
  </record>