
  <record>
    <datafield tag="130" ind1="0" ind2=" ">
      <subfield code="a">Kathy (Motion picture : 1981)</subfield>
    </datafield>
  </record>