
  <record>
    <datafield tag="130" ind1="0" ind2=" ">
      <subfield code="a">King Kong (1933)</subfield>
    </datafield>
  </record>