
  <record>
    <datafield tag="130" ind1="0" ind2=" ">
      <subfield code="a">Modern maturity (NRTA ed.)</subfield>
    </datafield>
  </record>