
  <record>
    <datafield tag="130" ind1="0" ind2=" ">
      <subfield code="a">Portrait and biographical album of Isabella County, Mich.</subfield>
      <subfield code="k">Selections.</subfield>
    </datafield>
  </record>