
  <record>
    <datafield tag="130" ind1="0" ind2=" ">
      <subfield code="a">Research paper (South African Law Commission)</subfield>
    </datafield>
  </record>