
  <record>
    <datafield tag="130" ind1="0" ind2=" ">
      <subfield code="a">San Francisco journal (1980)</subfield>
    </datafield>
  </record>