
  <record>
    <datafield tag="130" ind1="0" ind2=" ">
      <subfield code="a">Siège d'Orléans (Mystery play)</subfield>
    </datafield>
  </record>