
  <record>
    <datafield tag="130" ind1="0" ind2=" ">
      <subfield code="a">Three little pigs.</subfield>
    </datafield>
  </record>