
  <record>
    <datafield tag="130" ind1="0" ind2=" ">
      <subfield code="a">Tosefta.</subfield>
      <subfield code="l">English.</subfield>
      <subfield code="f">1977.</subfield>
    </datafield>
  </record>