
  <record>
    <datafield tag="130" ind1="0" ind2=" ">
      <subfield code="a">Transactions of the Anarchists.</subfield>
      <subfield code="p">Initial part.</subfield>
    </datafield>
  </record>