
  <record>
    <datafield tag="130" ind1="0" ind2=" ">
      <subfield code="a">Vedas.</subfield>
      <subfield code="p">Rgveda.</subfield>
      <subfield code="l">Italian &amp; Sanskrit.</subfield>
      <subfield code="k">Selections.</subfield>
    </datafield>
  </record>