
  <record>
    <datafield tag="130" ind1="0" ind2=" ">
      <subfield code="a">War of the worlds (Television program)</subfield>
    </datafield>
  </record>
</collection>
